@book{Katai,
author = {Kátai Zoltán},
title = {Gráfelméleti algoritmusok},
year = {2008},
isbn = {978-973-795-95-7},
publisher = {Scientia Kiadó},
}

@Article{Enron02,
    author ="Jitesh Shetty & Jafar Adibi",
    title = "Discovering important nodes through graph entropy the case of Enron email database",
    journal = "LinkKDD '05: Proceedings of the 3rd international workshop on Link discovery",
    volume = "",
    number = "",
    month = "aug",
    year  = "2005",
    pages = "74--81",
    doi = "10.1145/1134271.1134282",
    url = "https://doi.org/10.1145/1134271.1134282",
    note = "",
}
@Article{Enron01,
    author ="Kelly Peterson, Matt Hohensee, and Fei Xia",
    title = "Email Formality in the Workplace: A Case Study on the Enron Corpus",
    journal = "",
    volume = "Proceedings of the Workshop on Language in Social Media (LSM 2011)",
    number = "",
    month = "jun",
    year  = "2011",
    pages = "86--95",
    doi = "",
    url = "https://aclanthology.org/W11-0711.pdf",
    note = "",
}
